@Article{ bahl2000software,
	title = "{A software system for locating mobile users: Design, evaluation, and lessons}",
	author = "P. Bahl and V.N. Padmanabhan and A. Balachandran",
	journal = "Microsoft Research, MSR-TR-2000-12",
	year = "2000",
	publisher = "Citeseer",
	keywords = "social, software system"
}

@Article{ hong2009context,
	title = "{Context-aware systems: A literature review and classification}",
	author = "J. Hong and E. Suh and S.J. Kim",
	journal = "Expert Systems with Applications",
	volume = "36",
	number = "4",
	pages = "8509--8522",
	year = "2009",
	publisher = "Elsevier"
}

@InProceedings{ treiber2010context,
	title = "{Context-aware Campaigns in Social Networks}",
	author = "M. Treiber and F. Skopik and D. Schall and S. Dustdar and S. Haslinger",
	booktitle = "2010 Fifth International Conference on Internet and Web Applications and Services",
	pages = "61--66",
	year = "2010",
	organization = "IEEE"
}

@TechReport{ chen2000survey,
	title = "{A survey of context-aware mobile computing research}",
	author = "G. Chen and D. Kotz",
	year = "2000",
	institution = "Citeseer"
}

@Article{ baldauf2007survey,
	title = "{A survey on context-aware systems}",
	author = "M. Baldauf and S. Dustdar and F. Rosenberg",
	journal = "International Journal of Ad Hoc and Ubiquitous Computing",
	volume = "2",
	number = "4",
	pages = "263--277",
	year = "2007",
	publisher = "Inderscience"
}

@Article{ hansen2010urbanweb,
	title = "{UrbanWeb: a Platform for Mobile Context-aware Social Computing}",
	author = "F.A. Hansen and K. Gr{\o}nb{\ae}k",
	year = "2010"
}

@Article{ riboni2010towards,
	title = "{Towards the Adaptive Integration of Multiple Context Reasoners in Pervasive Computing Environments}",
	author = "D. Riboni and L. Pareschi and C. Bettini",
	year = "2010"
}

@Article{ beach2010cawbweb,
	title = "{CAwbWeb: Towards a Standardized Programming Framework to Enable a Context-Aware Web}",
	author = "A. Beach and M. Gartrell and R. Han and S. Mishra",
	year = "2010"
}

@Article{ dey2001understanding,
	title = "{Understanding and using context}",
	author = "A.K. Dey",
	journal = "Personal and ubiquitous computing",
	volume = "5",
	number = "1",
	pages = "4--7",
	year = "2001",
	publisher = "Springer-Verlag"
}

@PhDThesis{ schilit1995system,
	title = "{A system architecture for context-aware mobile computing}",
	author = "W.N. Schilit",
	year = "1995",
	school = "Citeseer"
}

@Article{ schilit1994disseminating,
	title = "{Disseminating active map information to mobile hosts}",
	author = "B.N. Schilit and M.M. Theimer",
	journal = "IEEE network",
	volume = "8",
	number = "5",
	pages = "22--32",
	year = "1994",
	publisher = "Citeseer"
}

@Article{ brown1995stick,
	title = "{The stick-e document: a framework for creating context-aware applications}",
	author = "P.J. Brown",
	journal = "ELECTRONIC PUBLISHING-CHICHESTER-",
	volume = "8",
	pages = "259--272",
	year = "1995",
	publisher = "Citeseer"
}

@InProceedings{ dey1998context,
	title = "{Context-aware computing: The CyberDesk project}",
	author = "A.K. Dey",
	booktitle = "Proceedings of the AAAI 1998 Spring Symposium on Intelligent Environments",
	pages = "51--54",
	year = "1998"
}

@InProceedings{ brown1996supporting,
	title = "{Supporting user mobility}",
	author = "M. Brown",
	booktitle = "International Federation for Information Processing",
	year = "1996",
	organization = "Citeseer"
}

@InProceedings{ franklin1998all,
	title = "{All gadget and no representation makes jack a dull environment}",
	author = "D. Franklin and J. Flaschbart",
	booktitle = "Proceedings of the AAAI 1998 Spring Symposium on Intelligent Environments",
	pages = "155--160",
	year = "1998"
}

@Article{ ward1997new,
	title = "{A new location technique for the active office}",
	author = "A. Ward and A. Jones and A. Hopper",
	journal = "IEEE Personal Communications",
	volume = "4",
	number = "5",
	pages = "42--47",
	year = "1997",
	publisher = "Citeseer"
}

@InProceedings{ rodden1998exploiting,
	title = "{Exploiting context in HCI design for mobile systems}",
	author = "T. Rodden and K. Cheverst and K. Davies and A. Dix",
	booktitle = "Workshop on Human Computer Interaction with Mobile Devices",
	pages = "21--22",
	year = "1998",
	organization = "Citeseer"
}

@Article{ hull1997towards,
	title = "{Towards situated computing}",
	author = "R. Hull and P. Neaves and J. Bedford-Roberts",
	journal = "HP Laboratories Technical Report HPL",
	year = "1997",
	publisher = "Citeseer"
}

@InProceedings{ schilit1994context,
	title = "{Context-aware computing applications}",
	author = "B. Schilit and N. Adams and R. Want",
	booktitle = "First Workshop on Mobile Computing Systems and Applications, 1994. WMCSA 1994",
	pages = "85--90",
	year = "1994"
}

@InProceedings{ pascoe1998adding,
	title = "{Adding generic contextual capabilities to wearable computers}",
	author = "J. Pascoe and others",
	booktitle = "Proceedings of the 2nd IEEE International Symposium on Wearable Computers",
	pages = "92",
	year = "1998",
	organization = "Citeseer"
}

@InProceedings{ dey2000towards,
	title = "{Towards a better understanding of context and context-awareness}",
	author = "A.K. Dey and G.D. Abowd",
	booktitle = "CHI 2000 workshop on the what, who, where, when, and how of context-awareness",
	volume = "4",
	pages = "1--6",
	year = "2000",
	organization = "Citeseer"
}

@Article{ want1992active,
	title = "{The active badge location system}",
	author = "R. Want and A. Hopper and V. Falcao and J. Gibbons",
	journal = "ACM Transactions on Information Systems (TOIS)",
	volume = "10",
	number = "1",
	pages = "102",
	year = "1992",
	publisher = "ACM"
}

@Article{ want1996parctab,
	title = "{The PARCTAB ubiquitous computing experiment}",
	author = "R. Want and B.N. Schilit and N.I. Adams and R. Gold and K. Petersen and D. Goldberg and J.R. Ellis and M. Weiser",
	journal = "Mobile Computing",
	pages = "45--101",
	year = "1996",
	publisher = "Springer"
}

@InProceedings{ bederson1995audio,
	title = "{Audio augmented reality: A prototype automated tour guide}",
	author = "B.B. Bederson",
	booktitle = "Conference companion on Human factors in computing systems",
	pages = "210--211",
	year = "1995",
	organization = "ACM"
}

@Article{ abowd1997cyberguide,
	title = "{Cyberguide: A mobile context-aware tour guide}",
	author = "G.D. Abowd and C.G. Atkeson and J. Hong and S. Long and R. Kooper and M. Pinkerton",
	journal = "Wireless Networks",
	volume = "3",
	number = "5",
	pages = "433",
	year = "1997",
	publisher = "Kluwer Academic Publishers"
}

@InProceedings{ davies1998developing,
	title = "{Developing a context sensitive tourist guide}",
	author = "N. Davies and K. Mitchell and K. Cheverst and G. Blair",
	booktitle = "Proceedings of the First Workshop on Human Computer Interaction with Mobile Devices",
	pages = "64--68",
	year = "1998",
	organization = "Citeseer"
}

@InProceedings{ ludford2006because,
	title = "{Because I carry my cell phone anyway: functional location-based reminder applications}",
	author = "P.J. Ludford and D. Frankowski and K. Reily and K. Wilms and L. Terveen",
	booktitle = "Proceedings of the SIGCHI conference on Human Factors in computing systems",
	pages = "898",
	year = "2006",
	organization = "ACM"
}

@Article{ elrod1993responsive,
	title = "{Responsive office environments}",
	author = "S. Elrod and G. Hall and R. Costanza and M. Dixon and J. {Des Rivi{\`e}res}",
	journal = "Communications of the ACM",
	volume = "36",
	number = "7",
	pages = "85",
	year = "1993",
	publisher = "ACM"
}

@InProceedings{ mozer1998neural,
	title = "{The Neural Network House: An Environment hat Adapts to its Inhabitants}",
	author = "M.C. Mozer",
	booktitle = "Proc. AAAI Spring Symp. Intelligent Environments",
	year = "1998"
}

@InProceedings{ avrahami2008waiting,
	title = "{IM waiting: timing and responsiveness in semi-synchronous communication}",
	author = "D. Avrahami and S.R. Fussell and S.E. Hudson",
	booktitle = "Proceedings of the ACM 2008 conference on Computer supported cooperative work",
	pages = "285--294",
	year = "2008",
	organization = "ACM"
}

@Article{ fogarty2005predicting,
	title = "{Predicting human interruptibility with sensors}",
	author = "J. Fogarty and S.E. Hudson and C.G. Atkeson and D. Avrahami and J. Forlizzi and S. Kiesler and J.C. Lee and J. Yang",
	journal = "ACM Transactions on Computer-Human Interaction",
	volume = "12",
	number = "1",
	pages = "119--146",
	year = "2005",
	publisher = "Citeseer"
}

@Article{ schmidt2000context,
	title = "{Context-aware telephony over WAP}",
	author = {A. Schmidt and A. Takaluoma and J. M{\"a}ntyj{\"a}rvi},
	journal = "Personal and Ubiquitous Computing",
	volume = "4",
	number = "4",
	pages = "225--229",
	year = "2000",
	publisher = "Springer-Verlag"
}

@InProceedings{ bardram2008context,
	title = "{A context-aware patient safety system for the operating room}",
	author = "J.E. Bardram and N. N{\o}rskov",
	booktitle = "Proceedings of the 10th international conference on Ubiquitous computing",
	pages = "272--281",
	year = "2008",
	organization = "ACM"
}

@InProceedings{ kjor2008designing,
	title = "{Designing middleware for context awareness in agriculture}",
	author = "K.E. Kj{\ae}r",
	booktitle = "Proceedings of the 5th Middleware doctoral symposium",
	pages = "19--24",
	year = "2008",
	organization = "ACM"
}

@InProceedings{ weiss2008context,
	title = "{Context-aware personalization for mobile multimedia services}",
	author = "D. Wei{\ss} and M. Duchon and F. Fuchs and C. Linnhoff-Popien",
	booktitle = "Proceedings of the 6th International Conference on Advances in Mobile Computing and Multimedia",
	pages = "267--271",
	year = "2008",
	organization = "ACM"
}

@Article{ wisneski1998ambient,
	title = "{Ambient displays: Turning architectural space into an interface between people and digital information}",
	author = "C. Wisneski and H. Ishii and A. Dahley and M. Gorbet and S. Brave and B. Ullmer and P. Yarin",
	journal = "Cooperative buildings: Integrating information, organization, and architecture",
	pages = "22--32",
	year = "1998",
	publisher = "Springer"
}

@InProceedings{ dey2000context,
	title = "{The context toolkit: Aiding the development of context-aware applications}",
	author = "A.K. Dey and G.D. Abowd",
	booktitle = "Workshop on Software Engineering for wearable and pervasive computing",
	pages = "431--441",
	year = "2000",
	organization = "Citeseer"
}

@Article{ bardram2005java,
	title = "{The Java Context Awareness Framework (JCAF)--a service infrastructure and programming framework for context-aware applications}",
	author = "J.E. Bardram",
	journal = "Pervasive Computing",
	pages = "98--115",
	year = "2005",
	publisher = "Springer"
}

@Article{ gelernter1985generative,
	title = "{Generative communication in Linda}",
	author = "D. Gelernter",
	journal = "ACM Transactions on Programming Languages and Systems (TOPLAS)",
	volume = "7",
	number = "1",
	pages = "80--112",
	year = "1985",
	publisher = "ACM"
}

@InProceedings{ horvitz1999principles,
	title = "{Principles of mixed-initiative user interfaces}",
	author = "E. Horvitz",
	booktitle = "Proceedings of the SIGCHI conference on Human factors in computing systems: the CHI is the limit",
	pages = "159--166",
	year = "1999",
	organization = "ACM"
}

@Article{ lester2006practical,
	title = "{A practical approach to recognizing physical activities}",
	author = "J. Lester and T. Choudhury and G. Borriello",
	journal = "Pervasive Computing",
	pages = "1--16",
	year = "2006",
	publisher = "Springer"
}

@InProceedings{ wu2002sensor,
	title = "{Sensor fusion using Dempster-Shafer theory}",
	author = "H. Wu and M. Siegel and R. Stiefelhagen and J. Yang",
	booktitle = "IEEE INSTRUMENTATION AND MEASUREMENT TECHNOLOGY CONFERENCE PROCEEDINGS",
	volume = "1",
	pages = "7--12",
	year = "2002",
	organization = "Citeseer"
}

@Article{ dey2005designing,
	title = "{Designing mediation for context-aware applications}",
	author = "A.K. Dey and J. Mankoff",
	journal = "ACM Transactions on Computer-Human Interaction (TOCHI)",
	volume = "12",
	number = "1",
	pages = "53--80",
	year = "2005",
	publisher = "ACM"
}

@Article{ carter2008exiting,
	title = "{Exiting the cleanroom: On ecological validity and ubiquitous computing}",
	author = "S. Carter and J. Mankoff and S.R. Klemmer and T. Matthews",
	journal = "Human-Computer Interaction",
	volume = "23",
	number = "1",
	pages = "47--99",
	year = "2008",
	publisher = "Taylor \& Francis"
}

@InProceedings{ oh2007designing,
	title = "{Designing, developing, and evaluating context-aware systems}",
	author = "Y. Oh and A. Schmidt and W. Woo",
	booktitle = "International Conference on Multimedia and Ubiquitous Engineering, 2007. MUE'07",
	pages = "1158--1163",
	year = "2007"
}

@Article{ scholtz2004toward,
	title = "{Toward a framework for evaluating ubiquitous computing applications}",
	author = "J. Scholtz and S. Consolvo",
	journal = "IEEE Pervasive Computing",
	volume = "3",
	number = "2",
	pages = "82--88",
	year = "2004"
}

@Misc{ facebook,
	title = "facebook",
	keywords = "social",
	url = "www.facebook.com"
}

@Article{ goqqin2006cell,
	title = "{Cell phone culture: mobile technology in everyday life}",
	author = "G. GOQQIN",
	year = "2006"
}

@Book{ ito2006personal,
	title = "{Personal, portable, pedestrian: Mobile phones in Japanese life}",
	author = "M. Ito and D. Okabe and M. Matsuda",
	year = "2006",
	publisher = "The MIT Press"
}

@Book{ katz2006machines,
	title = "{Machines that become us: the social context of personal communication technology}",
	author = "J. Katz",
	year = "2006",
	publisher = "Transaction Pub"
}

@Book{ katz2006magic,
	title = "{Magic in the air: mobile communication and the transformation of social life}",
	author = "J.E. Katz",
	year = "2006",
	publisher = "Transaction Pub"
}

@Book{ katz2002perpetual,
	title = "{Perpetual contact: Mobile communication, private talk, public performance}",
	author = "J.E. Katz and M.A. Aakhus",
	year = "2002",
	publisher = "Cambridge Univ Pr"
}

@Article{ banjo2008cell,
	title = "{Cell phone usage and social interaction with proximate others: Ringing in a theoretical model}",
	author = "O. Banjo and Y. Hu and S.S. Sundar",
	journal = "Open Communication Journal",
	volume = "2",
	pages = "127--135",
	year = "2008"
}

@Article{ bull2004mobile,
	title = "{Mobile spaces of sound in the city}",
	author = "M. Bull",
	journal = "MediaSpace: place, scale, and culture in a media age",
	pages = "275",
	year = "2004",
	publisher = "Routledge"
}

@Article{ puro2002finland,
	title = "{Finland: a mobile culture}",
	author = "J.P. Puro",
	journal = "Perpetual contact: mobile communication, private talk, public performance",
	pages = "19--29",
	year = "2002",
	publisher = "Cambridge Univ Pr"
}

@Book{ benkler2006wealth,
	title = "{The wealth of networks: How social production transforms markets and freedom}",
	author = "Y. Benkler",
	year = "2006",
	publisher = "Yale Univ Pr"
}

@Article{ boyd2friendster,
	title = "{Friendster and publicly articulated social networking}",
	author = "D. Boyd",
	journal = "statistics",
	volume = "2",
	number = "p2p",
	pages = "2"
}

@Article{ boyd2007social,
	title = "{Social network sites: Definition, history, and scholarship}",
	author = "D.M. Boyd and N.B. Ellison",
	journal = "JOURNAL OF COMPUTER MEDIATED COMMUNICATION-ELECTRONIC EDITION-",
	volume = "13",
	number = "1",
	pages = "210",
	year = "2007",
	publisher = "Blackwell Publishing Ltd."
}

@Book{ castells2000rise,
	title = "{The rise of the network society}",
	author = "M. Castells",
	year = "2000",
	publisher = "Wiley-Blackwell"
}

@Book{ rheingold2003smart,
	title = "{Smart mobs: The next social revolution}",
	author = "H. Rheingold",
	year = "2003",
	publisher = "Basic Books"
}

@Article{ ziv-mobile,
	title = "{Mobile Social Networks: A New Locus of Innovation}",
	author = "N.D. Ziv",
	journal = "Social Networking Communities and eDating Services: Concepts and Implications"
}

@Article{ iwatani1998love,
	title = "{Love: Japanese Style}",
	author = "Y. Iwatani",
	journal = "Wired News",
	volume = "11",
	year = "1998"
}

@Article{ eagle2005social,
	title = "{Social serendipity: Mobilizing social software}",
	author = "N. Eagle and A. Pentland",
	journal = "IEEE Pervasive Computing",
	pages = "28--34",
	year = "2005",
	publisher = "Published by the IEEE Computer Society"
}

@InProceedings{ paulos2004familiar,
	title = "{The familiar stranger: anxiety, comfort, and play in public places}",
	author = "E. Paulos and E. Goodman",
	booktitle = "Proceedings of the SIGCHI conference on Human factors in computing systems",
	pages = "223--230",
	year = "2004",
	organization = "ACM"
}

@Article{ gross1973modes,
	title = "{Modes of communication and the acquisition of symbolic competence}",
	author = "L. Gross",
	journal = "Communications Technology and Social Policy",
	year = "1973"
}

@Misc{ upcoming,
	title = "Upcoming",
	url = "http://upcoming.yahoo.com/"
}

@Misc{ eventful,
	title = "Eventful",
	url = "http://eventful.com/"
}

@InProceedings{ bahl2000radar,
	title = "{RADAR: An in-building RF-based user location and tracking system}",
	author = "P. Bahl and V. Padmanabhan",
	booktitle = "IEEE infocom",
	volume = "2",
	pages = "775--784",
	year = "2000",
	organization = "Citeseer"
}

@InProceedings{ cheng2005accuracy,
	title = "{Accuracy characterization for metropolitan-scale Wi-Fi localization}",
	author = "Y.C. Cheng and Y. Chawathe and A. LaMarca and J. Krumm",
	booktitle = "Proceedings of the 3rd international conference on Mobile systems, applications, and services",
	pages = "245",
	year = "2005",
	organization = "ACM"
}

@Misc{ rest,
	title = "http://www.ics.uci.edu/~fielding/pubs/dissertation/rest\_arch\_style.htm",
	url = "http://www.ics.uci.edu/~fielding/pubs/dissertation/rest_arch_style.htm"
}

